<?xml version="1.0" encoding="UTF-8"?><collection xmlns="http://www.loc.gov/MARC21/slim"><record><leader>00372nam--2200133-i-4500</leader><controlfield tag="001">000008212</controlfield><controlfield tag="002">20161230</controlfield><controlfield tag="005">20161230201027</controlfield><controlfield tag="008">060222s1000------------r-----000-0-eng-d</controlfield><datafield ind1=" " ind2=" " tag="100"><subfield code="a">Cullmann, G</subfield></datafield><datafield ind1=" " ind2=" " tag="245"><subfield code="a">Codes detecteurs et correcteurs d erreurs. preface de r.de possel</subfield></datafield><datafield ind1=" " ind2=" " tag="260"><subfield code="a">Paris, Dunod, 1967</subfield></datafield><datafield ind1=" " ind2=" " tag="490"><subfield code="a">Initiation Aux Nouveautes De La Science</subfield></datafield><datafield ind1=" " ind2=" " tag="852"><subfield code="a">681.3</subfield></datafield></record></collection>